@MISC{actulus,
    author = {Actulus.dk},
    title = {Actulus},
    note = {\url{http://www.edlund.dk/da/forskning/actulus/}},
    year={2013}
}

@book{Pierce:SF,
  author = {Benjamin C. Pierce and Chris Casinghino and Michael Greenberg and C\v{a}t\v{a}lin Hri\c{t}cu and Vilhelm Sjoberg and Brent Yorgey},
  title = {Software Foundations},
  year = {2012},
  publisher = {Electronic textbook},
  plclub = {Yes},
  bcp = {Yes},
  keys = {poplmark,books},
  note = {\URL{http://www.cis.upenn.edu/~bcpierce/sf}},
  ebook = {http://www.cis.upenn.edu/~bcpierce/sf},
  japanese = {http://proofcafe.org/sf}
}